@book{gusfield,
    author = {Gusfield, Dan  },
    howpublished = {Hardcover},
    isbn = {0521585198},
    keywords = {algorithms, matching, pattern},
    month = {styczeń},
    posted-at = {2006-05-24 13:48:58},
    priority = {2},
    publisher = {{Cambridge University Press}},
    title = {Algorithms on Strings, Trees, and Sequences: Computer Science and Computational Biology},
    url = {http://www.amazon.ca/exec/obidos/redirect?tag=citeulike09-20\&amp;path=ASIN/0521585198},
    year = {1997}
}

@article{taxonomy,
    address = {New York, NY, USA},
    author = {Puglisi, Simon  J.  and Smyth, William. F.  and Turpin, Andrew  H. },
    doi = {http://dx.doi.org/10.1145/1242471.1242472},
    issn = {0360-0300},
    journal = {ACM Comput. Surv.},
    keywords = {suffix-array},
    number = {2},
    posted-at = {2008-11-05 13:43:45},
    priority = {3},
    publisher = {ACM Press},
    title = {A taxonomy of suffix array construction algorithms},
    volume = {39},
    year = {2007}
}

@misc{lcp-kasai,
    author = {Toru Kasai and Hiroki Aftmura and Setsue Arikawa},
    title = {Efficient Substring Traversal with Suffix Arrays},
    year = {2001}
}

@article{lcp-manzini,
    author = {Manzini, Giovanni  },
    citeulike-article-id = {3790358},
    journal = {Algorithm Theory - SWAT 2004},
    pages = {372--383},
    posted-at = {2008-12-15 22:38:25},
    title = {Two Space Saving Tricks for Linear Time LCP Array Computation},
    url = {http://www.springerlink.com/content/tnmt7tct6aw188v0},
    year = {2004}
}

@phdthesis{ larsson99structures,
  author = "Jessper N. Larsson",
  title = "Structures of String Matching and Data Compression",
  school = "Department of Comp. Science, Lund University",
  year = "1999",
}

@phdthesis{ schurmann-phd,
  author = "Klaus-Bernd Schürmann",
  title = "Suffix Arrays in Theory and Practice", 
  school = "Faculty of Technology of Bielefeld University, Germany",  
  year = "2007",
}

@article{bpr-old,
 author = {Sch\"{u}rmann, Klaus-Bernd and Stoye, Jens},
 title = {An incomplex algorithm for fast suffix array construction},
 journal = {Softw. Pract. Exper.},
 volume = {37},
 number = {3},
 year = {2007},
 issn = {0038-0644},
 pages = {309--329},
 doi = {http://dx.doi.org/10.1002/spe.v37:3},
 publisher = {John Wiley \& Sons, Inc.},
 address = {New York, NY, USA},
 }


@book{pknuthv3,
	author="Donald E.~Knuth",
	title="Sztuka programowania (Tom 3, Sortowanie i wyszukiwanie)",
	publisher="Wydawnictwa Naukowo Techniczne, Warszawa",
	year="2002"
}



@article{ukkonen,
    author = {Ukkonen, Esko  },
    citeulike-article-id = {707616},
    journal = {Algorithmica},
    keywords = {data, structures},
    number = {3},
    pages = {249--260},
    posted-at = {2006-06-22 19:34:36},
    title = {On-Line Construction of Suffix Trees},
    url = {http://citeseer.ist.psu.edu/ukkonen95line.html},
    volume = {14},
    year = {1995}
}
@article{mccreight,
    address = {New York, NY, USA},
    author = {McCreight, Edward  M. },
    citeulike-article-id = {606342},
    doi = {http://dx.doi.org/10.1145/321941.321946},
    issn = {0004-5411},
    journal = {J. ACM},
    keywords = {algorithm},
    month = {kwiecień},
    number = {2},
    pages = {262--272},
    posted-at = {2006-04-29 16:03:08},
    publisher = {ACM Press},
    title = {A Space-Economical Suffix Tree Construction Algorithm},
    url = {http://dx.doi.org/10.1145/321941.321946},
    volume = {23},
    year = {1976}
}

@inproceedings{weiner,
    address = {Washington, DC, USA},
    author = {Weiner, Peter  },
    booktitle = {SWAT '73: Proceedings of the 14th Annual Symposium on Switching and Automata Theory (swat 1973)},
    citeulike-article-id = {3817003},
    doi = {http://dx.doi.org/10.1109/SWAT.1973.13},
    pages = {1--11},
    posted-at = {2008-12-22 13:25:45},
    publisher = {IEEE Computer Society},
    title = {Linear pattern matching algorithms},
    url = {http://dx.doi.org/10.1109/SWAT.1973.13},
    year = {1973}
}

@article{from-ukkonen,
    author = {Giegerich, Robert   and Kurtz, Stefan  },
    citeulike-article-id = {230069},
    journal = {Algorithmica},
    keywords = {stringology, suffix, trees},
    number = {3},
    pages = {331--353},
    posted-at = {2005-06-16 18:30:12},
    title = "{From Ukkonen to McCreight and Weiner}: A Unifying View of Linear-Time Suffix Tree Construction",
    url = {http://citeseer.ist.psu.edu/giegerich97from.html},
    volume = {19},
    year = {1997}
}    

@inproceedings{Manber90,
	address = {Philadelphia, PA, USA},
	author = {Manber, Udi   and Myers, Gene  },
	booktitle = {SODA '90: Proceedings of the first annual ACM-SIAM symposium on Discrete algorithms},
	citeulike-article-id = {221131},
	isbn = {0898712513},
	keywords = {ecs222a, phy250, sta232c},
	pages = {319--327},
	posted-at = {2005-06-07 08:42:09},
	priority = {2},
	publisher = {Society for Industrial and Applied Mathematics},
	title = {Suffix arrays: a new method for on-line string searches},
	url = {http://portal.acm.org/citation.cfm?id=320218},
	year = {1990}
}

@article{replacing,
	author = {Abouelhoda, Mohamed  Ibrahim  and Kurtz, Stefan   and Ohlebusch, Enno  },
	booktitle = {The 9th International Symposium on String Processing and Information Retrieval},
	citeulike-article-id = {674810},
	doi = {http://dx.doi.org/10.1016/S1570-8667(03)00065-0},
	journal = {Journal of Discrete Algorithms},
	month = {marzec},
	number = {1},
	pages = {53--86},
	posted-at = {2006-05-30 09:58:21},
	priority = {3},
	title = {Replacing suffix trees with enhanced suffix arrays},
	url = {http://dx.doi.org/10.1016/S1570-8667(03)00065-0},
	volume = {2},
	year = {2004}

}
@inproceedings{abouelhoda-genome,
 author = {Abouelhoda,, Mohamed Ibrahim and Kurtz,, Stefan and Ohlebusch,, Enno},
 title = {The Enhanced Suffix Array and Its Applications to Genome Analysis},
 booktitle = {WABI '02: Proceedings of the Second International Workshop on Algorithms in Bioinformatics},
 year = {2002},
 isbn = {3-540-44211-1},
 pages = {449--463},
 publisher = {Springer-Verlag},
 address = {London, UK},
 }
 

@article{Ko2005,
	author = {Ko, Pang   and Aluru, Srinivas  },
	booktitle = {Combinatorial Pattern Matching (CPM) Special Issue},
	citeulike-article-id = {2667902},
	journal = {Journal of Discrete Algorithms},
	keywords = {algorithms, array, biology, computational, matching, pattern, sorting, string, suffix},
	month = {czerwiec},
	number = {2-4},
	pages = {143--156},
	pdf = {Ko2005.pdf},
	posted-at = {2008-04-14 15:10:16},
	priority = {2},
	title = {Space efficient linear time construction of suffix arrays},
	url = {http://www.sciencedirect.com/science/article/B758J-4DB58C7-2/2/5c6103a5824f2953fcd05932c58946db},
	volume = {3},
	year = {2005}
}

@inproceedings{KS,
	author = {K\"arkk{\"a}inen, Juha  and Sanders, Peter },
	booktitle = {Proc. 13th International Conference on Automata, Languages and Programming},
	citeulike-article-id = {1283587},
	posted-at = {2007-05-08 13:49:45},
	priority = {2},
	publisher = {Springer},
	title = {Simple linear work suffix array construction},
	url = {http://citeseer.ist.psu.edu/arkk03simple.html},
	year = {2003}
}

@TechReport{LS,
  author =       "Larsson, N. Jesper and Sadakane, Kunihiko",
  title = 	 "Faster Suffix Sorting",
  institution =  "Department of Computer Science, Lund University",
  year = 	 1999,
  number =	 "LU-CS-TR:99-214, LUNDFD6/(NFCS-3140)/1--20/(1999)",
  address =	 "Sweden",
  month =	 {maj}
}


@article{MP,
	address = {New York, NY, USA},
	author = {Maniscalco, Michael  A.  and Puglisi, Simon  J. },
	citeulike-article-id = {2898507},
	issn = {1084-6654},
	journal = {J. Exp. Algorithmics},
	keywords = {array, indexing, suffix},
	posted-at = {2008-06-16 13:33:51},
	priority = {2},
	publisher = {ACM},
	title = {An efficient, versatile approach to suffix sorting},
	url = {http://portal.acm.org/citation.cfm?id=1278374},
	volume = {12},
	year = {2007}
}

@misc{MF,
	author = {Manzini, Giovanni   and Ferragina, Paolo  },
	citeulike-article-id = {1638764},
	keywords = {algorithm, pattern-matching, programming, retrieval, searching, string, substring, text},
	posted-at = {2007-09-09 13:17:57},
	priority = {4},
	title = {Engineering a lightweight suffix array construction algorithm (Extended Abstract)},
	url = {http://citeseer.ist.psu.edu/567924.html},
	year = {2004}
}
@ARTICLE{btree,
    author = {Paolo Ferragina and Roberto Grossi},
    title = {The String B-Tree: A New Data Structure for String Search in External Memory and its Applications.},
    journal = {Journal of the ACM},
    year = {1998},
    volume = {46},
    pages = {236--280}
}




@inproceedings{seward,
	author = {Seward, Julian  },
	booktitle = {IEEE Data Compression Conference},
	citeulike-article-id = {914345},
	doi = {10.1109/DCC.2000.838157},
	keywords = {bibtex-import, bzip2},
	month = {marzec},
	pages = {173--182},
	pdf = {Seward2000pbwt.pdf},
	posted-at = {2006-10-27 09:14:28},
	priority = {2},
	title = {On the Performance of BWT Sorting Algorithms},
	year = {2000}
	}
	
@article{kim,
	author = {Kim, Dong  K.  and Sim, Jeong  S.  and Park, Heejin   and Park, Kunsoo  },
	citeulike-article-id = {371055},
	doi = {http://dx.doi.org/10.1016/j.jda.2004.08.019},
	journal = {Journal of Discrete Algorithms},
	keywords = {arrays, suffix},
	month = {czerwiec},
	number = {2-4},
	pages = {126--142},
	posted-at = {2005-10-30 15:24:24},
	priority = {2},
	title = {Constructing suffix arrays in linear time},
	url = {http://dx.doi.org/10.1016/j.jda.2004.08.019},
	volume = {3},
	year = {2005}
}

@article{kim-jo-park,
	author = {Kim, Dong  K.  and Jo, Junha  and Park, Heejin},
	journal = {Lecture Notes in Computer Science},
	month = {kwiecień},
	pages = {301-314},
	title = {A Fast Algorithm for Constructing Suffix Arrays for Fixed-Size Alphabets},
	volume = {3059},
	year = {2004}
}	

@inproceedings{IT,
 author = {Itoh,, Hideo and Tanaka,, Hozumi},
 title = {An Efficient Method for in Memory Construction of Suffix Arrays},
 booktitle = {SPIRE '99: Proceedings of the String Processing and Information Retrieval Symposium \& International Workshop on Groupware},
 year = {1999},
 isbn = {0-7695-0268-7},
 pages = {81},
 publisher = {IEEE Computer Society},
 address = {Washington, DC, USA},
 }
 
 @INPROCEEDINGS{Burkhardt2003,
AUTHOR = {Burkhardt, Stefan and K{\"a}rkk{\"a}inen, Juha},
EDITOR = {Baeza-Yates, R. and Ch{\'a}vez, E. and Crochemore, M.},
TITLE = {Fast Lightweight Suffix Array Construction and Checking},
BOOKTITLE = {Combinatorial Pattern Matching: 14th Annual Symposium, CPM 2003},
PUBLISHER = {Springer},
YEAR = {2003},
VOLUME = {2676},
PAGES = {55--69},
SERIES = {Lecture Notes in Computer Science},
ADDRESS = {Morelia, Michoacán, Mexico},
MONTH = {czerwiec},
ISBN = {0302-9743},
}

@ARTICLE{radix, 
    author = {Peter M. Mcilroy and Keith Bostic and M. Douglas Mcilroy},
    title = {Engineering radix sort},
    journal = {Computing Systems},
    year = {1993},
    volume = {6},
    pages = {5--27}
}



@Misc{div,
	author = {Mori, Yuta},
	title = {Short description of improved two-stage suffix sorting algorithm},
	year = {2005},
	howpublished = "\url{http://homepage3.nifty.com/wpage/software/itssort.txt}"
}


@techreport{BW,
	author = {Burrows, M.  and Wheeler, D. J. },
	citeulike-article-id = {339287},
	number = {124},
	posted-at = {2005-10-03 05:56:04},
	priority = {2},
        institution = "Digital SRC Research Report",
	title = {A block-sorting lossless data compression algorithm.},
	url = {http://citeseer.ist.psu.edu/76182.html},
	year = {1994}
}

@article{bentley-sort,
 author = {Bentley,, Jon L. and McIlroy,, M. Douglas},
 title = {Engineering a sort function},
 journal = {Software Practice Experience},
 volume = {23},
 number = {11},
 year = {1993},
 issn = {0038-0644},
 pages = {1249--1265},
 doi = {http://dx.doi.org/10.1002/spe.4380231105},
 publisher = {John Wiley \& Sons, Inc.},
 address = {New York, NY, USA},
 }

@inproceedings{bentley,
	address = {Philadelphia, PA, USA},
	author = {Bentley, Jon  L.  and Sedgewick, Robert  },
	booktitle = {SODA '97: Proceedings of the eighth annual ACM-SIAM symposium on Discrete algorithms},
	citeulike-article-id = {1574755},
	doi = {http://dx.doi.org/10.1145/42411.42420},
	isbn = {0898713900},
	keywords = {balanced-tree, trie, tst},
	pages = {360--369},
	posted-at = {2007-08-19 07:14:21},
	priority = {4},
	publisher = {Society for Industrial and Applied Mathematics},
	title = {Fast algorithms for sorting and searching strings},
	url = {http://dx.doi.org/10.1145/42411.42420},
	year = {1997}
}

	
@article{sinha,
	address = {New York, NY, USA},
	author = {Sinha, Ranjan   and Zobel, Justin  },
	citeulike-article-id = {747172},
	doi = {http://dx.doi.org/10.1145/1005813.1041517},
	issn = {1084-6654},
	journal = {J. Exp. Algorithmics},
	keywords = {index\_building},
	number = {es},
	posted-at = {2006-07-08 10:46:56},
	priority = {2},
	publisher = {ACM Press},
	title = {Cache-conscious sorting of large sets of strings with dynamic tries},
	url = {http://dx.doi.org/10.1145/1005813.1041517},
	volume = {9},
	year = {2004}
}

@inproceedings{karp,
 author = {Karp,, Richard M. and Miller,, Raymond E. and Rosenberg,, Arnold L.},
 title = {Rapid identification of repeated patterns in strings, trees and arrays},
 booktitle = {STOC '72: Proceedings of the fourth annual ACM symposium on Theory of computing},
 year = {1972},
 pages = {125--136},
 location = {Denver, Colorado, United States},
 doi = {http://doi.acm.org/10.1145/800152.804905},
 publisher = {ACM},
 address = {New York, NY, USA},
 }

	
	
	