
@book{hsu_practical_2003,
	title = {A practical guide to support vector classification},
	url = {https://www.cs.sfu.ca/people/Faculty/teaching/726/spring11/svmguide.pdf},
	urldate = {2013-06-07},
	author = {Hsu, Chih-Wei and Chang, Chih-Chung and Lin, Chih-Jen},
	year = {2003},
	file = {practical guide to SVM.pdf:/home/tomek/.zotero/zotero/r52qh97y.default/zotero/storage/IZCWQDG2/practical guide to SVM.pdf:application/pdf}
}